@article{engel2012,
    author = "J. Engel and J. Sturm and D. Cremers",
    title = "Camera-based navigation of a low-cost quadrocopter",
    journal = "Conference on Intelligent Robots and Systems (IROS)",
    year = "2012"
}
    
@article{engel2014,
    author = "J. Engel and J. Sturm and D. Cremers",
    title = "Scale-aware navigation of a low-cost quadrocopter with a monocular camera",
    journal = "Robotics and Autonomous Systems", 
    year = "2014"
}

@article{hausman2016,
    author = "K. Hausman and S. Weiss and R. Brockers and L. Matthies and G.S. Sukhatme",
    title = "Self-calibrating multi-sensor fusion with probabilistic measurement validation for seamless sensor switching on a UAV",
    journal = "IEEE International Conference on Robotics and Automation (ICRA)",
    year = "2016"
}

@article{qi2009,
    author = "J. Qi and D. Song and L. Dai and J. Han",
    title = "Design, Implement and Testing of a Rotorcraft UAV System",
    journal = "Aerial Vehicles", 
    year = "2009"
}

@article{delrosario2016,
    author = "M. Del Rosario and N. Lovell and S. Redmond",
    title = "Quaternion-based Complementary Filter for Attitude Determination of a Smartphone",
    journal = "IEEE Sensors Journal",
    year = "2016"
}

@article{caron2006,
    author = "Caron F and Duflos E and Pomorski D and Vanheeghe P",
    title = "GPS/IMU data fusion using multisensor Kalman filtering: introduction of contextual aspects",
    journal = "Information Fusion",
    year = "2006"
}

@article{mirzaei2008,
    author = "F. M. Mirzaei and S. Roumeliotis",
    title = "A Kalman filter-based algorithm for IMU-camera calibration: Observability analysis and performance evaluation",
    journal = "Robotics, IEEE Transactions",
    year = "2008"
}

@article{hesch2009,
    author = "J. Hesch and F. M. Mirzaei and G.L Mariottini and S. Roumeliotis",
    title = "A 3d pose estimator for the visually impaired",
    journal = "IEEE/RSJ International Conference",
    year = "2009"
}

@article{chambers2014,
    author = "A. Chambers and S. Scherer and L. Yoder and S. Jain and S. Nuske and S. Singh",
    title = "Robust multi-sensor fusion for micro aerial vehicle navigation in GPS-degraded/denied environments",
    journal = "American Control Conference (ACC)",
    year = "2014"
}

@article{hesch2013,
    author = "J.A. Hesch and D.G. Kottas and S.L. Bowman and S.I. Roumeliotis",
    title = "Camera-IMU-based localization: Observability analysis and consistency improvement",
    journal = "The International Journal of Robotics Research",
    year = "2013"
}

@article{lee2016,
    author = "S. Lee and D. Har and D. Kum",
    title = "Drone-Assisted Disaster Management: Finding Victims via Infrared Camera and Lidar Sensor Fusion",
    journal = "3rd Asia-Pacific World Congress on Computer Science and Engineering", 
    year = "2016"
}

@article{shah2017,
    author = "M. Shah and R. Kapdi",
    title = "Object detection using deep neural networks",
    journal = "International Conference on Intelligent Computing and Control Systems (ICICCS)",
    year = "2017"
}

@misc{autopilot,
    author = "Aautopilot Project",
    url = "\url{https://autopilot-project.eu/}",
    misc = "Última vez accedido el 03-08-2018"
}

@misc{pc104,
    author = "PC/104 Embedded Consortium",
    title = "PC/104 Specification",
    version = "Version 2.6",
    year = "October 13, 2008"
}

@misc{pci104express,
    author = "PC/104 Consortium",
    title = "PCI/104-Express \& PCIe/104 Specification",
    version = "Version 3.0",
    year = "February 17, 2015"
} 

@article{endres2012,
    author = "F. Endres and J. Hess and N. Engelhard",
    title = "An Evaluation of the RGB-D SLAM System",
    journal = "2012 IEEE International Conference on Robotics and Automation",
    year = "2012"
}

@article{davison2007,
    author = "A. Davison and I. Reid and O. Stasse",
    title = "MonoSLAM: Real-Time Single Camera SLAM",
    journal = "IEEE Trans. On Pattern Analysis And Machine Intelligence",
    year = "2007"
}

@article{botterill2013,
    author = "T. Botterill and S. Mills and R. Green",
    title = "Collecting Scale Drift by Object Recognition in Single-Camera SLAM",
    journal = "IEEE Trans. Cybernetics", 
    volume = "43", 
    number = "6", 
    pages = "1767-1780",
    year = "2013"
}

@article{sola2007,
    author = "J. Solà",
    title = "Towards Visual Localization, Mapping and Moving Objects Tracking by a Mobile Robot: A Geometric and Probabilistic Approach",
    journal = "LAAS, Tolouse",
    year = "2007"
}

@article{murray2007,
    author = "G. Klein and D. Murray",
    title = "Parallel tracking and mapping for small AR workspaces",
    journal = "Proc. Sixth IEEE and ACM International Symposium on Mixed and augmented Reality",
    year = "2007"
}

@article{trivedi2013,
    author = "P. Trivedi and T. Agarwal and K. Muthunagai",
    title = "MC-RANSAC: A Pre-processing Model for RANSAC using Monte Carlo method implemented on a GPU",
    journal = "2013 International Conference on Advances in Computing, Communications and Informatics (ICACCI)",
    year = "2013"
}

@book{kaehler2017,
    author = "A. Kaehler and G. Bradski",
    title = "Learning OpenCV3: Computer vision in C++ with the OpenCV library",
    publisher = "O'Reilly Media, Inc.",
    year = "2017"
}

@article{carlson2010,
    author = "J. Carlson",
    title = "Mapping Large, Urban Environments with GPS-Aided SLAM",
    journal = "The Robotics Institute, Carnegie Mellon University Pittsburgh, Pennsylvania",
    year = "2010"
} 

@book{weinmann2016,
    author = "M. Weinmann",
    title = "Reconstruction and Analysis of 3D Scenes",
    publisher = "Springer",
    year = "2016"
}

@phdthesis{garcia2017,
    author = "F. Garcia",
    title = "Tools for 3D Point Cloud Registration",
    school = "Doctoral Program in Technology, Girona",
    year = "2017"
}

@article{barazzetti2018,
    author = "L. Barazzetti",
    title = "Point cloud occlusion recovery with shallow feedforward neural networks",
    journal = "Advanced Engineering Informatics",
    year = "2018"
}

@article{besl1992,
    author = "P. Besl and N. McKay",
    title = "A method for registration of 3-D shapes",
    journal = "IEEE Transactions on Pattern Analysis and Machine Intelligence (PAMI)",
    volume = "14", 
    number = "2",
    pages = "239–256", 
    year = "1992"
} 

@article{chen1992,
    author = "Y. Chen and G. Medioni",
    title = "Object modelling by registra- tion of multiple range images",
    journal = "Image Vision Comput.", 
    volume = "10", 
    number = "3",
    pages = "145–155",
    year = "1992"
}

@article{rusinkiewicz2001,
    author = "S. Rusinkiewicz and M. Levoy",
    title = "Efficient variants of the ICP algorithm",
    journal = "Proceedings Third International Conference on 3-D Digital Imaging and Modeling",
    year = "2001"
}

@article{harris1988,
    author = "C. Harris and M. Stephens",
    title = "A combined corner and edge detection",
    journal = "4th Alvey Vision Conference", 
    pages = "147-151",
    year = "1988"
}

@article{schmid2000,
    author = "C. Schmid and R. Mohr and C. Bauckhage",
    title = "Evaluation of interest point detectors",
    journal = "Int. J. Comput. Vis.",
    volume = "37",
    number = "2", 
    pages = "151–172",
    year = "2000"
}

@article{sipiran2011,
    author = "I. Sipiran and B. Bustos",
    title = "Harris 3D: A robust extension of the Harris operator for interest point detection on 3D meshes",
    journal = "The Visual Computer",
    year = "2011"
}

@article{jollife2016,
    author = "I. Jollife and J. Cadima",
    title = "Principal component analysis: A review and recent developments",
    journal = "Philosophical Transactions of the Royal Society A: Mathematical, Physical and Engineering Sciences",
    year = "2016"
}

@article{fischler1981,
    author = "M. Fischler and R. Bolles",
    title = "Random sample consensus: a paradigm for model fitting with applications to image analysis and automated cartography",
    journal = "Commun. ACM",
    volume = "24",
    number = "6",
    pages = "381–395",
    year = "1981"
}

@article{horn1987,
    author = "B. Horn",
    title = "Closed-form solution of absolute ori- entation using unit quaternions",
    journal = "Journal of the Optical Society of America A",
    volume = "4",
    number = "4",
    pages = "629–642",
    year = "1987"
}

@article{arun1987,
    author = "K. Arun and T. Huang and S. Blostein",
    title = "Least- squares fitting of two 3-D point sets",
    journal = "IEEE Transactions on Pattern Analysis and Machine Intelligence (PAMI)", 
    volume = "9",
    number = "5", 
    pages = "698–700",
    year = "1987"
}

@article{eggert1997,
    author = "D. Eggert and A. Lorusso and R. Fischer",
    title = "Estimating 3-D rigid body transformations: a comparison of four major algorithms",
    journal = "Mach. Vision Appl.",
    volume = "9",
    number = "5-6",
    pages = "272–290",
    year = "1997"
}

@article{fitzgibbon2001,
    author = "A. Fitzgibbon",
    title = "Robust registration of 2D and 3D point sets",
    journal = "British Machine Vision Conference (BMVC)",
    pages = "411–420",
    year = "2001"
}

@techreport{low2004,
    author = "K. Low",
    title = "Linear least-squares optimization for point- to-plane ICP surface registration",
    institution = "Technical Report TR04-004, Department of Computer Science, University of North Carolina at Chapel Hill",
    year = "2004"
}

@article{holz2015,
    author = "D. Holz and A. Ichim and F. Tombari and R. Rusu and S. Behnke",
    title = "Registration with the point cloud library: A modular framework for aligning in 3-D",
    journal = "IEEE Robotics and Automation Magazine",
    year = "2015"
}

@article{holzer2012,
    author = "S. Holzer and R. Rusu and M. Dixon and S. Gedikli and N. Navab",
    title = "Real-Time Surface Normal Estimation from Organized Point Cloud Data Using Integral Images",
    journal = "IEEE/RSJInternational Conference on IntelligentRobots and Systems (IROS), Vila Moura, Algarve, Portugal",
    year = "2012"
}

@article{nguyen2012,
    author = "C. Nguyen and S. Izadi and D. Lovell",
    title = "Modeling kinect sensor noise for improved 3d reconstruction and tracking",
    journal = "3D Imaging, Modeling, Processing, Visualization and Transmission (3DIMPVT)",
    pages = "524–530",
    year = "2012"
}

@phdthesis{merino2016,
    author = "Jesús García Merino",
    title = "Sistema avanzado de detección de obstáculos y navegación autónoma para vigilancia y protección basado en flota de vehículos aéreos no tripulados",
    school = "Universidad de Málaga",
    year = "2016"
}

@mastersthesis{hogman2011,
    author = "Virgile Högman",
    title = "Building a 3D map from RGB-D sensors",
    school = "Royal Institute of Technology (KTH), Stockholm, Sweden",
    year = "2011"
}